<record><leader>00000cas a2200000 i 4500</leader><controlfield tag="001">909550443</controlfield><controlfield tag="006">m     o  d        </controlfield><controlfield tag="007">cr |||||||||||</controlfield><controlfield tag="008">150520d18691903ohuwr neo     0   a0eng  </controlfield><datafield ind1=" " ind2=" " tag="010"><subfield code="a">  2015218771</subfield></datafield><datafield ind1=" " ind2=" " tag="040"><subfield code="a">DLC</subfield><subfield code="b">eng</subfield><subfield code="e">rda</subfield><subfield code="c">DLC</subfield><subfield code="d">DLC</subfield></datafield><datafield ind1=" " ind2=" " tag="019"><subfield code="a">904338838</subfield></datafield><datafield ind1="0" ind2=" " tag="022"><subfield code="a">2379-3090</subfield><subfield code="2">1</subfield></datafield><datafield ind1=" " ind2=" " tag="042"><subfield code="a">pcc</subfield><subfield code="a">nsdp</subfield></datafield><datafield ind1=" " ind2=" " tag="043"><subfield code="a">n-us-oh</subfield></datafield><datafield ind1="1" ind2="0" tag="050"><subfield code="a">ISSN RECORD</subfield></datafield><datafield ind1="0" ind2="0" tag="082"><subfield code="a">071</subfield><subfield code="2">23</subfield></datafield><datafield ind1=" " ind2="0" tag="222"><subfield code="a">Wyandot County Republican</subfield><subfield code="b">(Online)</subfield></datafield><datafield ind1="0" ind2="0" tag="245"><subfield code="a">Wyandot County Republican.</subfield></datafield><datafield ind1=" " ind2="1" tag="264"><subfield code="a">Upper Sandusky, Ohio :</subfield><subfield code="b">Pietro Cuneo,</subfield><subfield code="c">1869-1903.</subfield></datafield><datafield ind1=" " ind2=" " tag="300"><subfield code="a">1 online resource</subfield></datafield><datafield ind1=" " ind2=" " tag="310"><subfield code="a">Weekly</subfield></datafield><datafield ind1=" " ind2=" " tag="336"><subfield code="a">text</subfield><subfield code="b">txt</subfield><subfield code="2">rdacontent</subfield></datafield><datafield ind1=" " ind2=" " tag="337"><subfield code="a">computer</subfield><subfield code="b">c</subfield><subfield code="2">rdamedia</subfield></datafield><datafield ind1=" " ind2=" " tag="338"><subfield code="a">online resource</subfield><subfield code="b">cr</subfield><subfield code="2">rdacarrier</subfield></datafield><datafield ind1="1" ind2=" " tag="362"><subfield code="a">Began with volume XXIV, number 8 (January 7, 1869); ceased v. 58, no. 19 (Apr. 24, 1903).</subfield></datafield><datafield ind1=" " ind2=" " tag="500"><subfield code="a">Published on Thursday.</subfield></datafield><datafield ind1=" " ind2=" " tag="500"><subfield code="a">Republican. Cf. Gutgesell, S. Guide to Ohio newspapers, 1974.</subfield></datafield><datafield ind1=" " ind2=" " tag="500"><subfield code="a">Editor: Pietro Cuneo.</subfield></datafield><datafield ind1=" " ind2=" " tag="588"><subfield code="a">Description based on: Volume XXIV, number 8 (January 7, 1869); title from masthead (Chroniclingamerica.loc.gov, viewed May 20, 2015).</subfield></datafield><datafield ind1=" " ind2=" " tag="588"><subfield code="a">Latest issue consulted: Vol. XXVIII, no. 20 (March 27, 1873) (Chroniclingamerica.loc.gov, viewed May 20, 2015).</subfield></datafield><datafield ind1=" " ind2="0" tag="651"><subfield code="a">Wyandot County (Ohio)</subfield><subfield code="v">Newspapers.</subfield></datafield><datafield ind1=" " ind2="7" tag="651"><subfield code="a">Ohio</subfield><subfield code="z">Wyandot County.</subfield><subfield code="2">fast</subfield><subfield code="0">(OCoLC)fst01221479</subfield></datafield><datafield ind1=" " ind2="7" tag="655"><subfield code="a">Newspapers.</subfield><subfield code="2">fast</subfield><subfield code="0">(OCoLC)fst01423814</subfield></datafield><datafield ind1="1" ind2=" " tag="700"><subfield code="a">Cuneo, Pietro.</subfield></datafield><datafield ind1=" " ind2=" " tag="752"><subfield code="a">United States</subfield><subfield code="b">Ohio</subfield><subfield code="c">Wyandot</subfield><subfield code="d">Upper Sandusky.</subfield></datafield><datafield ind1="0" ind2="8" tag="776"><subfield code="i">Originally issued in print:</subfield><subfield code="t">Wyandot County Republican</subfield><subfield code="x">2379-3082</subfield><subfield code="w">(DLC)sn 85038238</subfield><subfield code="w">(OCoLC)2935901</subfield></datafield><datafield ind1="0" ind2="0" tag="780"><subfield code="t">Wyandot pioneer</subfield><subfield code="x">2379-3147</subfield><subfield code="w">(DLC)  2015218773</subfield><subfield code="w">(OCoLC)909286133</subfield></datafield><datafield ind1="0" ind2="7" tag="785"><subfield code="t">Daily union (Upper Sandusky, Ohio : 1890)</subfield></datafield><datafield ind1="0" ind2="7" tag="785"><subfield code="t">Wyandot Union-Republican (Upper Sandusky, Ohio : 1903)</subfield></datafield><datafield ind1="4" ind2="0" tag="856"><subfield code="u">http://www.loc.gov/chroniclingamerica/lccn/sn85038238/issues</subfield></datafield><datafield ind1="1" ind2=" " tag="029"><subfield code="a">NZ1</subfield><subfield code="b">15872229</subfield></datafield></record>